@inproceedings{DBLP:conf/acl/RajpurkarJL18,
  author    = {Pranav Rajpurkar and
               Robin Jia and
               Percy Liang},
  title     = {Know What You Don't Know: Unanswerable Questions for SQuAD},
  booktitle = {Proceedings of the 56th Annual Meeting of the Association for Computational
               Linguistics, {ACL} 2018, Melbourne, Australia, July 15-20, 2018, Volume
               2: Short Papers},
  pages     = {784--789},
  year      = {2018}
}

@inproceedings{DBLP:conf/sigir/AlonsoS18,
  author    = {Omar Alonso and
               Thibault Sellam},
  title     = {Quantitative Information Extraction From Social Data},
  booktitle = {The 41st International {ACM} {SIGIR} Conference on Research {\&}
               Development in Information Retrieval, {SIGIR} 2018, Ann Arbor, MI,
               USA, July 08-12, 2018},
  pages     = {1005--1008},
  year      = {2018}
}

@inproceedings{DBLP:conf/acl/SahaPM17,
  author    = {Swarnadeep Saha and
               Harinder Pal and
               Mausam},
  title     = {Bootstrapping for Numerical Open {IE}},
  booktitle = {Proceedings of the 55th Annual Meeting of the Association for Computational
               Linguistics, {ACL} 2017, Vancouver, Canada, July 30 - August 4, Volume
               2: Short Papers},
  pages     = {317--323},
  year      = {2017}
}

@book{DBLP:series/synthesis/2016Strotgen,
  author    = {Jannik Str{\"{o}}tgen and
               Michael Gertz},
  title     = {Domain-Sensitive Temporal Tagging},
  series    = {Synthesis Lectures on Human Language Technologies},
  publisher = {Morgan {\&} Claypool Publishers},
  year      = {2016},
  url       = {https://doi.org/10.2200/S00721ED1V01Y201606HLT036},
  doi       = {10.2200/S00721ED1V01Y201606HLT036},
  timestamp = {Tue, 16 May 2017 14:24:20 +0200},
  biburl    = {https://dblp.org/rec/bib/series/synthesis/2016Strotgen},
  bibsource = {dblp computer science bibliography, https://dblp.org}
}

@inproceedings{DBLP:conf/emnlp/JoshiSC14,
  author    = {Mandar Joshi and
               Uma Sawant and
               Soumen Chakrabarti},
  title     = {Knowledge Graph and Corpus Driven Segmentation and Answer Inference
               for Telegraphic Entity-seeking Queries},
  booktitle = {Proceedings of the 2014 Conference on Empirical Methods in Natural
               Language Processing, {EMNLP} 2014, October 25-29, 2014, Doha, Qatar,
               {A} meeting of SIGDAT, a Special Interest Group of the {ACL}},
  pages     = {1104--1114},
  year      = {2014}
}

@inproceedings{DBLP:conf/emnlp/Yang0ZBCSM18,
  author    = {Zhilin Yang and
               Peng Qi and
               Saizheng Zhang and
               Yoshua Bengio and
               William W. Cohen and
               Ruslan Salakhutdinov and
               Christopher D. Manning},
  title     = {HotpotQA: {A} Dataset for Diverse, Explainable Multi-hop Question
               Answering},
  booktitle = {Proceedings of the 2018 Conference on Empirical Methods in Natural
               Language Processing, Brussels, Belgium, October 31 - November 4, 2018},
  pages     = {2369--2380},
  year      = {2018}
}

@inproceedings{DBLP:conf/www/AbujabalRYW18,
  author    = {Abdalghani Abujabal and
               Rishiraj Saha Roy and
               Mohamed Yahya and
               Gerhard Weikum},
  title     = {Never-Ending Learning for Open-Domain Question Answering over Knowledge
               Bases},
  booktitle = {Proceedings of the 2018 World Wide Web Conference on World Wide Web,
               {WWW} 2018, Lyon, France, April 23-27, 2018},
  pages     = {1053--1062},
  year      = {2018}
}

@article{DBLP:journals/pvldb/ZhengYZC18,
  author    = {Weiguo Zheng and
               Jeffrey Xu Yu and
               Lei Zou and
               Hong Cheng},
  title     = {Question Answering Over Knowledge Graphs: Question Understanding Via
               Template Decomposition},
  journal   = {{PVLDB}},
  volume    = {11},
  number    = {11},
  pages     = {1373--1386},
  year      = {2018},
  url       = {http://www.vldb.org/pvldb/vol11/p1373-zheng.pdf},
  doi       = {10.14778/3236187.3236192},
  timestamp = {Fri, 30 Nov 2018 11:58:40 +0100},
  biburl    = {https://dblp.org/rec/bib/journals/pvldb/ZhengYZC18},
  bibsource = {dblp computer science bibliography, https://dblp.org}
}

@inproceedings{DBLP:conf/acl/XuRFHZ16,
  author    = {Kun Xu and
               Siva Reddy and
               Yansong Feng and
               Songfang Huang and
               Dongyan Zhao},
  title     = {Question Answering on Freebase via Relation Extraction and Textual
               Evidence},
  booktitle = {Proceedings of the 54th Annual Meeting of the Association for Computational
               Linguistics, {ACL} 2016, August 7-12, 2016, Berlin, Germany, Volume
               1: Long Papers},
  year      = {2016}
}



@inproceedings{DBLP:conf/acl/YihCHG15,
  author    = {Wen{-}tau Yih and
               Ming{-}Wei Chang and
               Xiaodong He and
               Jianfeng Gao},
  title     = {Semantic Parsing via Staged Query Graph Generation: Question Answering
               with Knowledge Base},
  booktitle = {Proceedings of the 53rd Annual Meeting of the Association for Computational
               Linguistics and the 7th International Joint Conference on Natural
               Language Processing of the Asian Federation of Natural Language Processing,
               {ACL} 2015, July 26-31, 2015, Beijing, China, Volume 1: Long Papers},
  pages     = {1321--1331},
  year      = {2015}
}

@inproceedings{DBLP:conf/cikm/BastH15,
  author    = {Hannah Bast and
               Elmar Haussmann},
  title     = {More Accurate Question Answering on Freebase},
  booktitle = {Proceedings of the 24th {ACM} International Conference on Information
               and Knowledge Management, {CIKM} 2015, Melbourne, VIC, Australia,
               October 19 - 23, 2015},
  pages     = {1431--1440},
  year      = {2015}
}

@article{DBLP:journals/kais/DiefenbachLSM18,
  author    = {Dennis Diefenbach and
               Vanessa L{\'{o}}pez and
               Kamal Deep Singh and
               Pierre Maret},
  title     = {Core techniques of question answering systems over knowledge bases:
               a survey},
  journal   = {Knowl. Inf. Syst.},
  volume    = {55},
  number    = {3},
  pages     = {529--569},
  year      = {2018},
  url       = {https://doi.org/10.1007/s10115-017-1100-y},
  doi       = {10.1007/s10115-017-1100-y},
  timestamp = {Wed, 14 Nov 2018 10:42:07 +0100},
  biburl    = {https://dblp.org/rec/bib/journals/kais/DiefenbachLSM18},
  bibsource = {dblp computer science bibliography, https://dblp.org}
}

@article{DBLP:journals/semweb/UsbeckRHCHNDU19,
  author    = {Ricardo Usbeck and
               Michael R{\"{o}}der and
               Michael Hoffmann and
               Felix Conrads and
               Jonathan Huthmann and
               Axel{-}Cyrille Ngonga Ngomo and
               Christian Demmler and
               Christina Unger},
  title     = {Benchmarking question answering systems},
  journal   = {Semantic Web},
  volume    = {10},
  number    = {2},
  pages     = {293--304},
  year      = {2019},
  url       = {https://doi.org/10.3233/SW-180312},
  doi       = {10.3233/SW-180312},
  timestamp = {Sat, 09 Feb 2019 14:41:15 +0100},
  biburl    = {https://dblp.org/rec/bib/journals/semweb/UsbeckRHCHNDU19},
  bibsource = {dblp computer science bibliography, https://dblp.org}
}

@inproceedings{DBLP:conf/semweb/UsbeckGN018,
  author    = {Ricardo Usbeck and
               Ria Hari Gusmita and
               Axel{-}Cyrille Ngonga Ngomo and
               Muhammad Saleem},
  title     = {9th Challenge on Question Answering over Linked Data {(QALD-9)} (invited
               paper)},
  booktitle = {Joint proceedings of the 4th Workshop on Semantic Deep Learning (SemDeep-4)
               and NLIWoD4: Natural Language Interfaces for the Web of Data {(NLIWOD-4)}
               and 9th Question Answering over Linked Data challenge {(QALD-9)} co-located
               with 17th International Semantic Web Conference {(ISWC} 2018), Monterey,
               California, United States of America, October 8th - 9th, 2018.},
  pages     = {58--64},
  year      = {2018},
  url       = {http://ceur-ws.org/Vol-2241/paper-06.pdf},
  timestamp = {Mon, 05 Nov 2018 12:26:53 +0100},
  biburl    = {https://dblp.org/rec/bib/conf/semweb/UsbeckGN018},
  bibsource = {dblp computer science bibliography, https://dblp.org}
}

@article{DBLP:journals/semweb/NgomoU17,
  author    = {Axel{-}Cyrille Ngonga Ngomo and
               Christina Unger},
  title     = {Special issue on question answering for Linked Data},
  journal   = {Semantic Web},
  volume    = {8},
  number    = {4},
  pages     = {509--510},
  year      = {2017},
  url       = {https://doi.org/10.3233/SW-170255},
  doi       = {10.3233/SW-170255},
  timestamp = {Sat, 20 May 2017 00:22:18 +0200},
  biburl    = {https://dblp.org/rec/bib/journals/semweb/NgomoU17},
  bibsource = {dblp computer science bibliography, https://dblp.org}
}

@inproceedings{DBLP:conf/rweb/UngerFC14,
  author    = {Christina Unger and
               Andr{\'{e}} Freitas and
               Philipp Cimiano},
  title     = {An Introduction to Question Answering over Linked Data},
  booktitle = {Reasoning Web. Reasoning on the Web in the Big Data Era - 10th International
               Summer School 2014, Athens, Greece, September 8-13, 2014. Proceedings},
  pages     = {100--140},
  year      = {2014}
}

@inproceedings{DBLP:conf/acl/GardnerC18,
  author    = {Christopher Clark and
               Matt Gardner},
  title     = {Simple and Effective Multi-Paragraph Reading Comprehension},
  booktitle = {Proceedings of the 56th Annual Meeting of the Association for Computational
               Linguistics, {ACL} 2018, Melbourne, Australia, July 15-20, 2018, Volume
               1: Long Papers},
  pages     = {845--855},
  year      = {2018}
}

@inproceedings{DBLP:conf/acl/ChenFWB17,
  author    = {Danqi Chen and
               Adam Fisch and
               Jason Weston and
               Antoine Bordes},
  title     = {Reading Wikipedia to Answer Open-Domain Questions},
  booktitle = {Proceedings of the 55th Annual Meeting of the Association for Computational
               Linguistics, {ACL} 2017, Vancouver, Canada, July 30 - August 4, Volume
               1: Long Papers},
  pages     = {1870--1879},
  year      = {2017}
}




@inproceedings{Ibrahim:ICDE2019,
  author    = {Yusra Ibrahim and
   Mirek Riedewald and
    Gerhard Weikum and
     Demetrios Zeinalipour Yazti },
  title     = {Bridging Quantities in Tables and Text
},
  booktitle = {Proceedings of the 35th IEEE International Conference on Data Engineering (ICDE 2019)},
  year      = {2019},
}

@inproceedings{DBLP:conf/sigir/BanerjeeCR09,
  author    = {Somnath Banerjee and
               Soumen Chakrabarti and
               Ganesh Ramakrishnan},
  title     = {Learning to rank for quantity consensus queries},
  booktitle = {Proceedings of the 32nd Annual International {ACM} {SIGIR} Conference
               on Research and Development in Information Retrieval, {SIGIR} 2009,
               Boston, MA, USA, July 19-23, 2009},
  pages     = {243--250},
  year      = {2009},
  url       = {https://doi.org/10.1145/1571941.1571985},
  doi       = {10.1145/1571941.1571985},
  timestamp = {Wed, 14 Nov 2018 10:58:10 +0100},
  biburl    = {https://dblp.org/rec/bib/conf/sigir/BanerjeeCR09},
  bibsource = {dblp computer science bibliography, https://dblp.org}
}

@inproceedings{DBLP:conf/sigmod/ZhangC13,
  author    = {Meihui Zhang and
               Kaushik Chakrabarti},
  title     = {InfoGather+: semantic matching and annotation of numeric and time-varying
               attributes in web tables},
  booktitle = {Proceedings of the {ACM} {SIGMOD} International Conference on Management
               of Data, {SIGMOD} 2013, New York, NY, USA, June 22-27, 2013},
  pages     = {145--156},
  year      = {2013},
  url       = {https://doi.org/10.1145/2463676.2465276},
  doi       = {10.1145/2463676.2465276},
  timestamp = {Tue, 06 Nov 2018 11:07:38 +0100},
  biburl    = {https://dblp.org/rec/bib/conf/sigmod/ZhangC13},
  bibsource = {dblp computer science bibliography, https://dblp.org}
}

@inproceedings{DBLP:conf/cikm/IbrahimRW16,
  author    = {Yusra Ibrahim and
               Mirek Riedewald and
               Gerhard Weikum},
  title     = {Making Sense of Entities and Quantities in Web Tables},
  booktitle = {Proceedings of the 25th {ACM} International Conference on Information
               and Knowledge Management, {CIKM} 2016, Indianapolis, IN, USA, October
               24-28, 2016},
  pages     = {1703--1712},
  year      = {2016},
  url       = {https://doi.org/10.1145/2983323.2983772},
  doi       = {10.1145/2983323.2983772},
  timestamp = {Wed, 14 Nov 2018 11:00:19 +0100},
  biburl    = {https://dblp.org/rec/bib/conf/cikm/IbrahimRW16},
  bibsource = {dblp computer science bibliography, https://dblp.org}
}

@inproceedings{DBLP:conf/www/ErnstSW18,
  author    = {Patrick Ernst and
               Amy Siu and
               Gerhard Weikum},
  title     = {HighLife: Higher-arity Fact Harvesting},
  booktitle = {Proceedings of the 2018 World Wide Web Conference on World Wide Web,
               {WWW} 2018, Lyon, France, April 23-27, 2018},
  pages     = {1013--1022},
  year      = {2018},
  url       = {https://doi.org/10.1145/3178876.3186000},
  doi       = {10.1145/3178876.3186000},
  timestamp = {Wed, 21 Nov 2018 12:44:11 +0100},
  biburl    = {https://dblp.org/rec/bib/conf/www/ErnstSW18},
  bibsource = {dblp computer science bibliography, https://dblp.org}
}

@article{DBLP:journals/jd/Robertson04,
  author    = {Stephen Robertson},
  title     = {Understanding inverse document frequency: on theoretical arguments
               for {IDF}},
  journal   = {Journal of Documentation},
  volume    = {60},
  number    = {5},
  pages     = {503--520},
  year      = {2004},
  url       = {https://doi.org/10.1108/00220410410560582},
  doi       = {10.1108/00220410410560582},
  timestamp = {Wed, 14 Nov 2018 10:48:07 +0100},
  biburl    = {https://dblp.org/rec/bib/journals/jd/Robertson04},
  bibsource = {dblp computer science bibliography, https://dblp.org}
}

@article{Miller:1995:WLD:219717.219748,
 author = {Miller, George A.},
 title = {WordNet: A Lexical Database for English},
 journal = {Commun. ACM},
 issue_date = {Nov. 1995},
 volume = {38},
 number = {11},
 month = nov,
 year = {1995},
 issn = {0001-0782},
 pages = {39--41},
 numpages = {3},
 url = {http://doi.acm.org/10.1145/219717.219748},
 doi = {10.1145/219717.219748},
 acmid = {219748},
 publisher = {ACM},
 address = {New York, NY, USA}
} 

@inproceedings{DBLP:conf/sigir/HoffartMW14,
  author    = {Johannes Hoffart and
               Dragan Milchevski and
               Gerhard Weikum},
  title     = {{STICS:} searching with strings, things, and cats},
  booktitle = {The 37th International {ACM} {SIGIR} Conference on Research and Development
               in Information Retrieval, {SIGIR} '14, Gold Coast , QLD, Australia
               - July 06 - 11, 2014},
  pages     = {1247--1248},
  year      = {2014},
  url       = {https://doi.org/10.1145/2600428.2611177},
  doi       = {10.1145/2600428.2611177},
  timestamp = {Tue, 06 Nov 2018 11:07:24 +0100},
  biburl    = {https://dblp.org/rec/bib/conf/sigir/HoffartMW14},
  bibsource = {dblp computer science bibliography, https://dblp.org}
}

@inproceedings{DBLP:conf/ijcai/Mausam16,
  author    = {Mausam},
  title     = {Open Information Extraction Systems and Downstream Applications},
  booktitle = {Proceedings of the Twenty-Fifth International Joint Conference on
               Artificial Intelligence, {IJCAI} 2016, New York, NY, USA, 9-15 July
               2016},
  pages     = {4074--4077},
  year      = {2016},
  url       = {http://www.ijcai.org/Abstract/16/604},
  timestamp = {Fri, 15 Jul 2016 15:58:28 +0200},
  biburl    = {https://dblp.org/rec/bib/conf/ijcai/Mausam16},
  bibsource = {dblp computer science bibliography, https://dblp.org}
}

@inproceedings{DBLP:conf/emnlp/HoffartYBFPSTTW11,
  author    = {Johannes Hoffart and
               Mohamed Amir Yosef and
               Ilaria Bordino and
               Hagen F{\"{u}}rstenau and
               Manfred Pinkal and
               Marc Spaniol and
               Bilyana Taneva and
               Stefan Thater and
               Gerhard Weikum},
  title     = {Robust Disambiguation of Named Entities in Text},
  booktitle = {Proceedings of the 2011 Conference on Empirical Methods in Natural
               Language Processing, {EMNLP} 2011, 27-31 July 2011, John McIntyre
               Conference Centre, Edinburgh, UK, {A} meeting of SIGDAT, a Special
               Interest Group of the {ACL}},
  pages     = {782--792},
  year      = {2011},
  url       = {http://www.aclweb.org/anthology/D11-1072},
  timestamp = {Mon, 21 Nov 2011 13:29:41 +0100},
  biburl    = {https://dblp.org/rec/bib/conf/emnlp/HoffartYBFPSTTW11},
  bibsource = {dblp computer science bibliography, https://dblp.org}
}

@inproceedings{DBLP:conf/www/SuchanekKW07,
  author    = {Fabian M. Suchanek and
               Gjergji Kasneci and
               Gerhard Weikum},
  title     = {Yago: a core of semantic knowledge},
  booktitle = {Proceedings of the 16th International Conference on World Wide Web,
               {WWW} 2007, Banff, Alberta, Canada, May 8-12, 2007},
  pages     = {697--706},
  year      = {2007},
  url       = {https://doi.org/10.1145/1242572.1242667},
  doi       = {10.1145/1242572.1242667},
  timestamp = {Wed, 14 Nov 2018 10:55:41 +0100},
  biburl    = {https://dblp.org/rec/bib/conf/www/SuchanekKW07},
  bibsource = {dblp computer science bibliography, https://dblp.org}
}

@article{rdf,
author = {Ora Lassila and Ralph R. Swick},
title = {Resource Description Framework ({RDF}) Model and Syntax Specification},
booktitle = {W3C Recommendation},
year = {1999}
}

@inproceedings{DBLP:conf/acl-vlc/RamshawM95,
  author    = {Lance A. Ramshaw and
               Mitch Marcus},
  title     = {Text Chunking using Transformation-Based Learning},
  booktitle = {Third Workshop on Very Large Corpora, VLC@ACL 1995, Cambridge, Massachusetts,
               USA, June 30, 1995},
  year      = {1995},
  url       = {https://aclanthology.info/papers/W95-0107/w95-0107},
  timestamp = {Mon, 29 Jan 2018 15:00:57 +0100},
  biburl    = {https://dblp.org/rec/bib/conf/acl-vlc/RamshawM95},
  bibsource = {dblp computer science bibliography, https://dblp.org}
}

@inproceedings{DBLP:conf/cikm/ZhaiL01,
  author    = {ChengXiang Zhai and
               John D. Lafferty},
  title     = {Model-based Feedback in the Language Modeling Approach to Information
               Retrieval},
  booktitle = {Proceedings of the 2001 {ACM} {CIKM} International Conference on Information
               and Knowledge Management, Atlanta, Georgia, USA, November 5-10, 2001},
  pages     = {403--410},
  year      = {2001},
  doi       = {10.1145/502585.502654},
  timestamp = {Wed, 28 Nov 2018 12:57:14 +0100},
  biburl    = {https://dblp.org/rec/bib/conf/cikm/ZhaiL01},
  bibsource = {dblp computer science bibliography, https://dblp.org}
}

@inproceedings{DBLP:conf/acl/HeLLZ17a,
  author    = {Luheng He and
               Kenton Lee and
               Mike Lewis and
               Luke Zettlemoyer},
  title     = {Deep Semantic Role Labeling: What Works and What's Next},
  booktitle = {Proceedings of the 55th Annual Meeting of the Association for Computational
               Linguistics, {ACL} 2017, Vancouver, Canada, July 30 - August 4, Volume
               1: Long Papers},
  pages     = {473--483},
  year      = {2017},
  url       = {https://doi.org/10.18653/v1/P17-1044},
  doi       = {10.18653/v1/P17-1044},
  timestamp = {Fri, 04 Aug 2017 16:38:24 +0200},
  biburl    = {https://dblp.org/rec/bib/conf/acl/HeLLZ17a},
  bibsource = {dblp computer science bibliography, https://dblp.org}
}

@article{DBLP:journals/tacl/RoyVR15,
	author    = {Subhro Roy and
	Tim Vieira and
	Dan Roth},
	title     = {Reasoning about Quantities in Natural Language},
	journal   = {{TACL}},
	volume    = {3},
	pages     = {1--13},
	year      = {2015},
	url       = {https://tacl2013.cs.columbia.edu/ojs/index.php/tacl/article/view/452},
	timestamp = {Thu, 28 May 2015 10:59:41 +0200},
	biburl    = {https://dblp.org/rec/bib/journals/tacl/RoyVR15},
	bibsource = {dblp computer science bibliography, https://dblp.org}
}

@article{DBLP:journals/coling/PalmerKG05,
  author    = {Martha Palmer and
               Paul Kingsbury and
               Daniel Gildea},
  title     = {The Proposition Bank: An Annotated Corpus of Semantic Roles},
  journal   = {Computational Linguistics},
  volume    = {31},
  number    = {1},
  pages     = {71--106},
  year      = {2005},
  url       = {https://doi.org/10.1162/0891201053630264},
  doi       = {10.1162/0891201053630264},
  timestamp = {Sun, 28 May 2017 13:24:51 +0200},
  biburl    = {https://dblp.org/rec/bib/journals/coling/PalmerKG05},
  bibsource = {dblp computer science bibliography, https://dblp.org}
}

@article{DBLP:journals/lre/Baker12,
  author    = {Collin F. Baker},
  title     = {FrameNet, current collaborations and future goals},
  journal   = {Language Resources and Evaluation},
  volume    = {46},
  number    = {2},
  pages     = {269--286},
  year      = {2012},
  url       = {https://doi.org/10.1007/s10579-012-9191-2},
  doi       = {10.1007/s10579-012-9191-2},
  timestamp = {Sat, 20 May 2017 00:24:46 +0200},
  biburl    = {https://dblp.org/rec/bib/journals/lre/Baker12},
  bibsource = {dblp computer science bibliography, https://dblp.org}
}

@inproceedings{DBLP:conf/acl/ZhouX15,
  author    = {Jie Zhou and
               Wei Xu},
  title     = {End-to-end learning of semantic role labeling using recurrent neural
               networks},
  booktitle = {Proceedings of the 53rd Annual Meeting of the Association for Computational
               Linguistics and the 7th International Joint Conference on Natural
               Language Processing of the Asian Federation of Natural Language Processing,
               {ACL} 2015, July 26-31, 2015, Beijing, China, Volume 1: Long Papers},
  pages     = {1127--1137},
  year      = {2015},
  url       = {http://aclweb.org/anthology/P/P15/P15-1109.pdf},
  timestamp = {Sun, 02 Aug 2015 19:26:07 +0200},
  biburl    = {https://dblp.org/rec/bib/conf/acl/ZhouX15},
  bibsource = {dblp computer science bibliography, https://dblp.org}
}

@article{DBLP:journals/coling/GildeaJ02,
  author    = {Daniel Gildea and
               Daniel Jurafsky},
  title     = {Automatic Labeling of Semantic Roles},
  journal   = {Computational Linguistics},
  volume    = {28},
  number    = {3},
  pages     = {245--288},
  year      = {2002},
  url       = {https://doi.org/10.1162/089120102760275983},
  doi       = {10.1162/089120102760275983},
  timestamp = {Sun, 28 May 2017 13:24:51 +0200},
  biburl    = {https://dblp.org/rec/bib/journals/coling/GildeaJ02},
  bibsource = {dblp computer science bibliography, https://dblp.org}
}

@inproceedings{DBLP:conf/emnlp/FitzGeraldTG015,
  author    = {Nicholas FitzGerald and
               Oscar T{\"{a}}ckstr{\"{o}}m and
               Kuzman Ganchev and
               Dipanjan Das},
  title     = {Semantic Role Labeling with Neural Network Factors},
  booktitle = {Proceedings of the 2015 Conference on Empirical Methods in Natural
               Language Processing, {EMNLP} 2015, Lisbon, Portugal, September 17-21,
               2015},
  pages     = {960--970},
  year      = {2015},
  url       = {http://aclweb.org/anthology/D/D15/D15-1112.pdf},
  timestamp = {Wed, 14 Oct 2015 09:56:24 +0200},
  biburl    = {https://dblp.org/rec/bib/conf/emnlp/FitzGeraldTG015},
  bibsource = {dblp computer science bibliography, https://dblp.org}
}

@inproceedings{DBLP:conf/coling/LiuG10,
  author    = {Ding Liu and
               Daniel Gildea},
  title     = {Semantic Role Features for Machine Translation},
  booktitle = {{COLING} 2010, 23rd International Conference on Computational Linguistics,
               Proceedings of the Conference, 23-27 August 2010, Beijing, China},
  pages     = {716--724},
  year      = {2010},
  url       = {http://aclweb.org/anthology/C10-1081},
  timestamp = {Mon, 04 Mar 2013 20:57:24 +0100},
  biburl    = {https://dblp.org/rec/bib/conf/coling/LiuG10},
  bibsource = {dblp computer science bibliography, https://dblp.org}
}

@inproceedings{DBLP:conf/emnlp/ShenL07,
  author    = {Dan Shen and
               Mirella Lapata},
  title     = {Using Semantic Roles to Improve Question Answering},
  booktitle = {EMNLP-CoNLL 2007, Proceedings of the 2007 Joint Conference on Empirical
               Methods in Natural Language Processing and Computational Natural Language
               Learning, June 28-30, 2007, Prague, Czech Republic},
  pages     = {12--21},
  year      = {2007},
  url       = {http://www.aclweb.org/anthology/D07-1002},
  timestamp = {Thu, 22 Jan 2015 16:51:46 +0100},
  biburl    = {https://dblp.org/rec/bib/conf/emnlp/ShenL07},
  bibsource = {dblp computer science bibliography, https://dblp.org}
}

@article{DBLP:journals/coling/SurdeanuCZ11,
	author    = {Mihai Surdeanu and
	Massimiliano Ciaramita and
	Hugo Zaragoza},
	title     = {Learning to Rank Answers to Non-Factoid Questions from Web Collections},
	journal   = {Computational Linguistics},
	volume    = {37},
	number    = {2},
	pages     = {351--383},
	year      = {2011},
	url       = {https://doi.org/10.1162/COLI\_a\_00051},
	doi       = {10.1162/COLI\_a\_00051},
	timestamp = {Sun, 28 May 2017 13:24:51 +0200},
	biburl    = {https://dblp.org/rec/bib/journals/coling/SurdeanuCZ11},
	bibsource = {dblp computer science bibliography, https://dblp.org}
}


@inproceedings{DBLP:conf/naacl/StanovskyMZD18,
  author    = {Gabriel Stanovsky and
               Julian Michael and
               Luke Zettlemoyer and
               Ido Dagan},
  title     = {Supervised Open Information Extraction},
  booktitle = {Proceedings of the 2018 Conference of the North American Chapter of
               the Association for Computational Linguistics: Human Language Technologies,
               {NAACL-HLT} 2018, New Orleans, Louisiana, USA, June 1-6, 2018, Volume
               1 (Long Papers)},
  pages     = {885--895},
  year      = {2018},
  url       = {https://aclanthology.info/papers/N18-1081/n18-1081},
  timestamp = {Wed, 30 May 2018 15:04:59 +0200},
  biburl    = {https://dblp.org/rec/bib/conf/naacl/StanovskyMZD18},
  bibsource = {dblp computer science bibliography, https://dblp.org}
}


@inproceedings{DBLP:conf/kcap/ChristensenMSE11,
  author    = {Janara Christensen and
               Mausam and
               Stephen Soderland and
               Oren Etzioni},
  title     = {An analysis of open information extraction based on semantic role
               labeling},
  booktitle = {Proceedings of the 6th International Conference on Knowledge Capture
               {(K-CAP} 2011), June 26-29, 2011, Banff, Alberta, Canada},
  pages     = {113--120},
  year      = {2011},
  url       = {https://doi.org/10.1145/1999676.1999697},
  doi       = {10.1145/1999676.1999697},
  timestamp = {Tue, 06 Nov 2018 16:58:28 +0100},
  biburl    = {https://dblp.org/rec/bib/conf/kcap/ChristensenMSE11},
  bibsource = {dblp computer science bibliography, https://dblp.org}
}

@inproceedings{DBLP:conf/conll/KoomenPRY05,
	author    = {Peter Koomen and
	Vasin Punyakanok and
	Dan Roth and
	Wen{-}tau Yih},
	title     = {Generalized Inference with Multiple Semantic Role Labeling Systems},
	booktitle = {Proceedings of the Ninth Conference on Computational Natural Language
	Learning, CoNLL 2005, Ann Arbor, Michigan, USA, June 29-30, 2005},
	pages     = {181--184},
	year      = {2005},
	url       = {http://aclweb.org/anthology/W/W05/W05-0625.pdf},
	timestamp = {Fri, 23 Jan 2015 14:20:30 +0100},
	biburl    = {https://dblp.org/rec/bib/conf/conll/KoomenPRY05},
	bibsource = {dblp computer science bibliography, https://dblp.org}
}

@inproceedings{Lamm2018QSRLA,
	title={QSRL : A Semantic Role-Labeling Schema for Quantitative Facts},
	author={Matthew Lamm and Arun Tejasvi Chaganty and Daniel Jurafsky and Christopher D. Manning and Percy S. Liang},
	year={2018}
}

@inproceedings{DBLP:conf/aaai/MadaanMMRS16,
	author    = {Aman Madaan and
	Ashish Mittal and
	Mausam and
	Ganesh Ramakrishnan and
	Sunita Sarawagi},
	title     = {Numerical Relation Extraction with Minimal Supervision},
	booktitle = {Proceedings of the Thirtieth {AAAI} Conference on Artificial Intelligence,
	February 12-17, 2016, Phoenix, Arizona, {USA.}},
	pages     = {2764--2771},
	year      = {2016},
	url       = {http://www.aaai.org/ocs/index.php/AAAI/AAAI16/paper/view/12486},
	timestamp = {Wed, 05 Apr 2017 12:53:50 +0200},
	biburl    = {https://dblp.org/rec/bib/conf/aaai/MadaanMMRS16},
	bibsource = {dblp computer science bibliography, https://dblp.org}
}

@inproceedings{DBLP:conf/ecctd/Sanchez-Azqueta17,
	author    = {Carlos S{\'{a}}nchez{-}Azqueta and
	Javier Aguirre and
	Guillermo Royo and
	Francisco Aznar and
	E. Guerrero and
	Santiago Celma},
	title     = {Design of a low-power quadrature {LC-VCO} in 65 nm {CMOS}},
	booktitle = {2017 European Conference on Circuit Theory and Design, {ECCTD} 2017,
	Catania, Italy, September 4-6, 2017},
	pages     = {1--4},
	year      = {2017},
	url       = {https://doi.org/10.1109/ECCTD.2017.8093330},
	doi       = {10.1109/ECCTD.2017.8093330},
	timestamp = {Wed, 07 Mar 2018 11:54:52 +0100},
	biburl    = {https://dblp.org/rec/bib/conf/ecctd/Sanchez-Azqueta17},
	bibsource = {dblp computer science bibliography, https://dblp.org}
}

@inproceedings{DBLP:conf/esws/UngerNC16,
	author    = {Christina Unger and
	Axel{-}Cyrille Ngonga Ngomo and
	Elena Cabrio},
	title     = {6th Open Challenge on Question Answering over Linked Data {(QALD-6)}},
	booktitle = {Semantic Web Challenges - Third SemWebEval Challenge at {ESWC} 2016,
	Heraklion, Crete, Greece, May 29 - June 2, 2016, Revised Selected
	Papers},
	pages     = {171--177},
	year      = {2016},
	url       = {https://doi.org/10.1007/978-3-319-46565-4\_13},
	doi       = {10.1007/978-3-319-46565-4\_13},
	timestamp = {Wed, 24 May 2017 08:29:36 +0200},
	biburl    = {https://dblp.org/rec/bib/conf/esws/UngerNC16},
	bibsource = {dblp computer science bibliography, https://dblp.org}
}

@inproceedings{DBLP:conf/coling/BaoDYZZ16,
	author    = {Jun{-}Wei Bao and
	Nan Duan and
	Zhao Yan and
	Ming Zhou and
	Tiejun Zhao},
	title     = {Constraint-Based Question Answering with Knowledge Graph},
	booktitle = {{COLING} 2016, 26th International Conference on Computational Linguistics,
	Proceedings of the Conference: Technical Papers, December 11-16, 2016,
	Osaka, Japan},
	pages     = {2503--2514},
	year      = {2016},
	url       = {http://aclweb.org/anthology/C/C16/C16-1236.pdf},
	timestamp = {Tue, 16 Jan 2018 17:41:35 +0100},
	biburl    = {https://dblp.org/rec/bib/conf/coling/BaoDYZZ16},
	bibsource = {dblp computer science bibliography, https://dblp.org}
}

@inproceedings{DBLP:conf/emnlp/YangYM15,
	author    = {Yi Yang and
	Wen{-}tau Yih and
	Christopher Meek},
	title     = {WikiQA: {A} Challenge Dataset for Open-Domain Question Answering},
	booktitle = {Proceedings of the 2015 Conference on Empirical Methods in Natural
	Language Processing, {EMNLP} 2015, Lisbon, Portugal, September 17-21,
	2015},
	pages     = {2013--2018},
	year      = {2015},
	url       = {http://aclweb.org/anthology/D/D15/D15-1237.pdf},
	timestamp = {Wed, 14 Oct 2015 09:56:24 +0200},
	biburl    = {https://dblp.org/rec/bib/conf/emnlp/YangYM15},
	bibsource = {dblp computer science bibliography, https://dblp.org}
}

@inproceedings{DBLP:conf/acl/WangN15,
	author    = {Di Wang and
	Eric Nyberg},
	title     = {A Long Short-Term Memory Model for Answer Sentence Selection in Question
	Answering},
	booktitle = {Proceedings of the 53rd Annual Meeting of the Association for Computational
	Linguistics and the 7th International Joint Conference on Natural
	Language Processing of the Asian Federation of Natural Language Processing,
	{ACL} 2015, July 26-31, 2015, Beijing, China, Volume 2: Short Papers},
	pages     = {707--712},
	year      = {2015},
	url       = {http://aclweb.org/anthology/P/P15/P15-2116.pdf},
	timestamp = {Sun, 02 Aug 2015 19:49:03 +0200},
	biburl    = {https://dblp.org/rec/bib/conf/acl/WangN15},
	bibsource = {dblp computer science bibliography, https://dblp.org}
}


@inproceedings{DBLP:conf/acl/DasZRM17,
	author    = {Rajarshi Das and
	Manzil Zaheer and
	Siva Reddy and
	Andrew McCallum},
	title     = {Question Answering on Knowledge Bases and Text using Universal Schema
	and Memory Networks},
	booktitle = {Proceedings of the 55th Annual Meeting of the Association for Computational
	Linguistics, {ACL} 2017, Vancouver, Canada, July 30 - August 4, Volume
	2: Short Papers},
	pages     = {358--365},
	year      = {2017},
	url       = {https://doi.org/10.18653/v1/P17-2057},
	doi       = {10.18653/v1/P17-2057},
	timestamp = {Fri, 04 Aug 2017 16:38:24 +0200},
	biburl    = {https://dblp.org/rec/bib/conf/acl/DasZRM17},
	bibsource = {dblp computer science bibliography, https://dblp.org}
}

@inproceedings{DBLP:conf/emnlp/SunDZMSC18,
	author    = {Haitian Sun and
	Bhuwan Dhingra and
	Manzil Zaheer and
	Kathryn Mazaitis and
	Ruslan Salakhutdinov and
	William W. Cohen},
	title     = {Open Domain Question Answering Using Early Fusion of Knowledge Bases
	and Text},
	booktitle = {Proceedings of the 2018 Conference on Empirical Methods in Natural
	Language Processing, Brussels, Belgium, October 31 - November 4, 2018},
	pages     = {4231--4242},
	year      = {2018},
	url       = {https://aclanthology.info/papers/D18-1455/d18-1455},
	timestamp = {Sat, 27 Oct 2018 20:04:50 +0200},
	biburl    = {https://dblp.org/rec/bib/conf/emnlp/SunDZMSC18},
	bibsource = {dblp computer science bibliography, https://dblp.org}
}

@article{DBLP:journals/corr/WestonBCM15,
	author    = {Jason Weston and
	Antoine Bordes and
	Sumit Chopra and
	Tomas Mikolov},
	title     = {Towards AI-Complete Question Answering: {A} Set of Prerequisite Toy
	Tasks},
	journal   = {CoRR},
	volume    = {abs/1502.05698},
	year      = {2015},
	url       = {http://arxiv.org/abs/1502.05698},
	archivePrefix = {arXiv},
	eprint    = {1502.05698},
	timestamp = {Mon, 13 Aug 2018 16:47:58 +0200},
	biburl    = {https://dblp.org/rec/bib/journals/corr/WestonBCM15},
	bibsource = {dblp computer science bibliography, https://dblp.org}
}

@inproceedings{DBLP:conf/acl/RajpurkarJL18,
	author    = {Pranav Rajpurkar and
	Robin Jia and
	Percy Liang},
	title     = {Know What You Don't Know: Unanswerable Questions for SQuAD},
	booktitle = {Proceedings of the 56th Annual Meeting of the Association for Computational
	Linguistics, {ACL} 2018, Melbourne, Australia, July 15-20, 2018, Volume
	2: Short Papers},
	pages     = {784--789},
	year      = {2018},
	url       = {https://aclanthology.info/papers/P18-2124/p18-2124},
	timestamp = {Thu, 12 Jul 2018 14:22:48 +0200},
	biburl    = {https://dblp.org/rec/bib/conf/acl/RajpurkarJL18},
	bibsource = {dblp computer science bibliography, https://dblp.org}
}

@inproceedings{DBLP:conf/cikm/JiaARSW18,
	author    = {Zhen Jia and
	Abdalghani Abujabal and
	Rishiraj Saha Roy and
	Jannik Str{\"{o}}tgen and
	Gerhard Weikum},
	title     = {{TEQUILA:} Temporal Question Answering over Knowledge Bases},
	booktitle = {Proceedings of the 27th {ACM} International Conference on Information
	and Knowledge Management, {CIKM} 2018, Torino, Italy, October 22-26,
	2018},
	pages     = {1807--1810},
	year      = {2018},
	url       = {https://doi.org/10.1145/3269206.3269247},
	doi       = {10.1145/3269206.3269247},
	timestamp = {Wed, 21 Nov 2018 12:44:15 +0100},
	biburl    = {https://dblp.org/rec/bib/conf/cikm/JiaARSW18},
	bibsource = {dblp computer science bibliography, https://dblp.org}
}

@inproceedings{DBLP:conf/kdd/SarawagiC14,
	author    = {Sunita Sarawagi and
	Soumen Chakrabarti},
	title     = {Open-domain quantity queries on web tables: annotation, response,
	and consensus models},
	booktitle = {The 20th {ACM} {SIGKDD} International Conference on Knowledge Discovery
	and Data Mining, {KDD} '14, New York, NY, {USA} - August 24 - 27,
	2014},
	pages     = {711--720},
	year      = {2014},
	url       = {https://doi.org/10.1145/2623330.2623749},
	doi       = {10.1145/2623330.2623749},
	timestamp = {Tue, 06 Nov 2018 16:59:35 +0100},
	biburl    = {https://dblp.org/rec/bib/conf/kdd/SarawagiC14},
	bibsource = {dblp computer science bibliography, https://dblp.org}
}

@article{DBLP:journals/pvldb/PimplikarS12,

author = {Rakesh Pimplikar and
Sunita Sarawagi},
title = {Answering Table Queries on the Web using Column Keywords},
journal = {{PVLDB}},
volume = {5},
number = {10},
pages = {908--919},
year = {2012},
url = {http://vldb.org/pvldb/vol5/p908\_rakeshpimplikar\_vldb2012.pdf},
doi = {10.14778/2336664.2336665},
timestamp = {Thu, 16 Aug 2018 11:33:44 +0200},
biburl = {https://dblp.org/rec/bib/journals/pvldb/PimplikarS12},
bibsource = {dblp computer science bibliography, https://dblp.org}

}

@article{DBLP:journals/semweb/Ferre17,
  author    = {S{\'{e}}bastien Ferr{\'{e}}},
  title     = {Sparklis: An expressive query builder for {SPARQL} endpoints with
               guidance in natural language},
  journal   = {Semantic Web},
  volume    = {8},
  number    = {3},
  pages     = {405--418},
  year      = {2017},
  url       = {https://doi.org/10.3233/SW-150208},
  doi       = {10.3233/SW-150208},
  timestamp = {Sat, 20 May 2017 00:22:18 +0200},
  biburl    = {https://dblp.org/rec/bib/journals/semweb/Ferre17},
  bibsource = {dblp computer science bibliography, https://dblp.org}
}

@article{DBLP:journals/ftir/Zhai08,
  author    = {ChengXiang Zhai},
  title     = {Statistical Language Models for Information Retrieval: {A} Critical
               Review},
  journal   = {Foundations and Trends in Information Retrieval},
  volume    = {2},
  number    = {3},
  pages     = {137--213},
  year      = {2008},
  url       = {https://doi.org/10.1561/1500000008},
  doi       = {10.1561/1500000008},
  timestamp = {Sat, 27 May 2017 14:22:53 +0200},
  biburl    = {https://dblp.org/rec/bib/journals/ftir/Zhai08},
  bibsource = {dblp computer science bibliography, https://dblp.org}
}

@misc{nyt,
    author    = {Evan Sandhaus},
    title     = {The New York Times Annotated Corpus},
    year     =  {2008}
 
}

@inproceedings{DBLP:conf/emnlp/PenningtonSM14,
  author    = {Jeffrey Pennington and
               Richard Socher and
               Christopher D. Manning},
  title     = {Glove: Global Vectors for Word Representation},
  booktitle = {Proceedings of the 2014 Conference on Empirical Methods in Natural
               Language Processing, {EMNLP} 2014, October 25-29, 2014, Doha, Qatar,
               {A} meeting of SIGDAT, a Special Interest Group of the {ACL}},
  pages     = {1532--1543},
  year      = {2014},
  url       = {http://aclweb.org/anthology/D/D14/D14-1162.pdf},
  timestamp = {Sat, 15 Nov 2014 14:45:18 +0100},
  biburl    = {https://dblp.org/rec/bib/conf/emnlp/PenningtonSM14},
  bibsource = {dblp computer science bibliography, https://dblp.org}
}

@inproceedings{DBLP:conf/www/DiefenbachMQLSM19,
  author    = {Dennis Diefenbach and
               Pedro Henrique Migliatti and
               Omar Qawasmeh and
               Vincent Lully and
               Kamal Singh and
               Pierre Maret},
  title     = {QAnswer: {A} Question Answering prototype bridging the gap between
               a considerable part of the {LOD} cloud and end-users},
  booktitle = {The World Wide Web Conference, {WWW} 2019, San Francisco, CA, USA,
               May 13-17, 2019},
  pages     = {3507--3510},
  year      = {2019},
  url       = {https://doi.org/10.1145/3308558.3314124},
  doi       = {10.1145/3308558.3314124},
  timestamp = {Sun, 02 Jun 2019 21:15:59 +0200},
  biburl    = {https://dblp.org/rec/bib/conf/www/DiefenbachMQLSM19},
  bibsource = {dblp computer science bibliography, https://dblp.org}
}

@inproceedings{DBLP:conf/esws/DubeyDSHL16,
  author    = {Mohnish Dubey and
               Sourish Dasgupta and
               Ankit Sharma and
               Konrad H{\"{o}}ffner and
               Jens Lehmann},
  title     = {AskNow: {A} Framework for Natural Language Query Formalization in
               {SPARQL}},
  booktitle = {The Semantic Web. Latest Advances and New Domains - 13th International
               Conference, {ESWC} 2016, Heraklion, Crete, Greece, May 29 - June 2,
               2016, Proceedings},
  pages     = {300--316},
  year      = {2016},
  url       = {https://doi.org/10.1007/978-3-319-34129-3\_19},
  doi       = {10.1007/978-3-319-34129-3\_19},
  timestamp = {Tue, 14 May 2019 10:00:44 +0200},
  biburl    = {https://dblp.org/rec/bib/conf/esws/DubeyDSHL16},
  bibsource = {dblp computer science bibliography, https://dblp.org}
}

@inproceedings{DBLP:conf/www/SinghRBSLUVKP0V18,
  author    = {Kuldeep Singh and
               Arun Sethupat Radhakrishna and
               Andreas Both and
               Saeedeh Shekarpour and
               Ioanna Lytra and
               Ricardo Usbeck and
               Akhilesh Vyas and
               Akmal Khikmatullaev and
               Dharmen Punjani and
               Christoph Lange and
               Maria{-}Esther Vidal and
               Jens Lehmann and
               S{\"{o}}ren Auer},
  title     = {Why Reinvent the Wheel: Let's Build Question Answering Systems Together},
  booktitle = {Proceedings of the 2018 World Wide Web Conference on World Wide Web,
               {WWW} 2018, Lyon, France, April 23-27, 2018},
  pages     = {1247--1256},
  year      = {2018},
  url       = {https://doi.org/10.1145/3178876.3186023},
  doi       = {10.1145/3178876.3186023},
  timestamp = {Wed, 30 Jan 2019 11:05:26 +0100},
  biburl    = {https://dblp.org/rec/bib/conf/www/SinghRBSLUVKP0V18},
  bibsource = {dblp computer science bibliography, https://dblp.org}
}

@inproceedings{DBLP:conf/emnlp/AbujabalRYW17,
  author    = {Abdalghani Abujabal and
               Rishiraj Saha Roy and
               Mohamed Yahya and
               Gerhard Weikum},
  title     = {{QUINT:} Interpretable Question Answering over Knowledge Bases},
  booktitle = {Proceedings of the 2017 Conference on Empirical Methods in Natural
               Language Processing, {EMNLP} 2017, Copenhagen, Denmark, September
               9-11, 2017 - System Demonstrations},
  pages     = {61--66},
  year      = {2017},
  url       = {https://aclanthology.info/papers/D17-2011/d17-2011},
  timestamp = {Wed, 17 Jan 2018 15:46:06 +0100},
  biburl    = {https://dblp.org/rec/bib/conf/emnlp/AbujabalRYW17},
  bibsource = {dblp computer science bibliography, https://dblp.org}
}

@inproceedings{DBLP:conf/esws/TanonACS18,
  author    = {Thomas Pellissier Tanon and
               Marcos Dias de Assun{\c{c}}{\~{a}}o and
               Eddy Caron and
               Fabian M. Suchanek},
  title     = {Demoing Platypus - {A} Multilingual Question Answering Platform for
               Wikidata},
  booktitle = {The Semantic Web: {ESWC} 2018 Satellite Events - {ESWC} 2018 Satellite
               Events, Heraklion, Crete, Greece, June 3-7, 2018, Revised Selected
               Papers},
  pages     = {111--116},
  year      = {2018},
  url       = {https://doi.org/10.1007/978-3-319-98192-5\_21},
  doi       = {10.1007/978-3-319-98192-5\_21},
  timestamp = {Sun, 02 Jun 2019 21:24:14 +0200},
  biburl    = {https://dblp.org/rec/bib/conf/esws/TanonACS18},
  bibsource = {dblp computer science bibliography, https://dblp.org}
}